<?xml version="1.0" encoding="UTF-8"?><collection xmlns="http://www.loc.gov/MARC21/slim"><record><leader>00342nam--2200121-i-4500</leader><controlfield tag="001">000016215</controlfield><controlfield tag="002">20161230</controlfield><controlfield tag="005">20161230201031</controlfield><controlfield tag="008">060222s1000------------r-----000-0-eng-d</controlfield><datafield ind1=" " ind2=" " tag="100"><subfield code="a">Penne,Jean</subfield></datafield><datafield ind1=" " ind2=" " tag="245"><subfield code="a">Interaction des ultrasons et des spins electro niques d ions du groupe du fer.these</subfield></datafield><datafield ind1=" " ind2=" " tag="260"><subfield code="a">Paris,Universite,1968. 144p</subfield></datafield><datafield ind1=" " ind2=" " tag="852"><subfield code="a">77958</subfield></datafield></record></collection>